@book{hawkins1980identification,
  title={Identification of Outliers},
  author={Hawkins, David M},
  year={1980},
  publisher={Chapman and Hall}
}

@inproceedings{scholkopf2000support,
  title={Support vector method for novelty detection},
  author={Sch{\"o}lkopf, Bernhard and Platt, John C. and Shawe-Taylor, John and Smola, Alexander J. and Williamson, Robert C.},
  booktitle={Advances in neural information processing systems},
  volume={12},
  pages={582--588},
  year={2000}
}

@article{tax2004support,
  title={Support vector data description},
  author={Tax, David MJ and Duin, Robert PW},
  journal={Machine learning},
  volume={54},
  number={1},
  pages={45--66},
  year={2004},
  publisher={Springer}
}

@inproceedings{Asch2013MacroandME,
  title={Macro-and micro-averaged evaluation measures [ [ BASIC DRAFT ] ]},
  author={Vincent Van Asch},
  year={2013},
  url={https://api.semanticscholar.org/CorpusID:15751255}
}

@online{stackoverflow-auc,
  title = {How to calculate AUC for one-class SVM in Python?},
  author = {Stack Overflow Community},
  year = {2015},
  note = {\url{https://stackoverflow.com/questions/28022081/how-to-calculate-auc-for-one-class-svm-in-python}, ultima vizitÄƒ 30.08.2023},
}

@article{time-series,
author = {Schmidl, Sebastian and Wenig, Phillip and Papenbrock, Thorsten},
year = {2022},
month = {05},
pages = {1779-1797},
title = {Anomaly detection in time series: a comprehensive evaluation},
volume = {15},
journal = {Proceedings of the VLDB Endowment},
doi = {10.14778/3538598.3538602}
}
